@article{koyama2020variant,
  title={Variant analysis of SARS-CoV-2 genomes},
  author={Koyama, Takahiko and Platt, Daniel and Parida, Laxmi},
  journal={Bulletin of the World Health Organization},
  volume={98},
  number={7},
  pages={495},
  year={2020},
  publisher={World Health Organization}
}

@Article{COVID19,
    title = {COVID-19 Data Hub},
    year = {2020},
    doi = {10.21105/joss.02376},
    author = {Emanuele Guidotti and David Ardia},
    journal = {Journal of Open Source Software},
    volume = {5},
    number = {51},
    pages = {2376},
  }

@article{Guidotti2020,
  doi = {10.21105/joss.02376},
  url = {https://doi.org/10.21105/joss.02376},
  year = {2020},
  publisher = {The Open Journal},
  volume = {5},
  number = {51},
  pages = {2376},
  author = {Emanuele Guidotti and David Ardia},
  title = {COVID-19 Data Hub},
  journal = {Journal of Open Source Software}
}

@article{thompson2020covid,
  title={COVID-19 Outbreakâ€”New York City, February 29--June 1, 2020},
  author={Thompson, Corinne N and Baumgartner, Jennifer and Pichardo, Carolina and Toro, Brian and Li, Lan and Arciuolo, Robert and Chan, Pui Ying and Chen, Judy and Culp, Gretchen and Davidson, Alexander and others},
  journal={Morbidity and Mortality Weekly Report},
  volume={69},
  number={46},
  pages={1725},
  year={2020},
  publisher={Centers for Disease Control and Prevention}
}
